@ARTICLE{KBV09,  author={Koren, Yehuda and Bell, Robert and Volinsky, Chris},  journal={Computer},   title={Matrix Factorization Techniques for Recommender Systems},   year={2009},  volume={42},  number={8},  pages={30-37},  doi={10.1109/MC.2009.263}}

@misc{RRSK10,
  title={PB,[Recommender Systems Handbook 1st]},
  author={Ricci, F Rokah and Sharpira, L and Kantor, B},
  year={2010},
  publisher={Springer--Verlag, New York}
}
 
 @misc{surprise,
  title = {{Surprise} Prediction Algorithms Documentation},
  howpublished = {\url{https://surprise.readthedocs.io/en/stable/prediction_algorithms_package.html}},
  note = {Accessed: 2022-10-18}
}

@ARTICLE{LZXZ14,  author={Luo, Xin and Zhou, Mengchu and Xia, Yunni and Zhu, Qingsheng},  journal={IEEE Transactions on Industrial Informatics},   title={An Efficient Non-Negative Matrix-Factorization-Based Approach to Collaborative Filtering for Recommender Systems},   year={2014},  volume={10},  number={2},  pages={1273-1284},  doi={10.1109/TII.2014.2308433}}

@inproceedings{ZWFM96,
  title={Learning from incomplete ratings using non-negative matrix factorization},
  author={Zhang, Sheng and Wang, Weihong and Ford, James and Makedon, Fillia},
  booktitle={Proceedings of the 2006 SIAM international conference on data mining},
  pages={549--553},
  year={2006},
  organization={SIAM}
}

@article{LS01,
  title={Algorithms for non-negative matrix factorization},
  author={Seung, D and Lee, L},
  journal={Advances in neural information processing systems},
  volume={13},
  pages={556--562},
  year={2001}
}

@inproceedings{LM07,
  title={Slope one predictors for online rating-based collaborative filtering},
  author={Lemire, Daniel and Maclachlan, Anna},
  booktitle={Proceedings of the 2005 SIAM International Conference on Data Mining},
  pages={471--475},
  year={2005},
  organization={SIAM}
}

@article{DBLP:journals/corr/abs-2011-02260,
  author    = {Shiwen Wu and
               Wentao Zhang and
               Fei Sun and
               Bin Cui},
  title     = {Graph Neural Networks in Recommender Systems: {A} Survey},
  journal   = {CoRR},
  volume    = {abs/2011.02260},
  year      = {2020},
  url       = {https://arxiv.org/abs/2011.02260},
  eprinttype = {arXiv},
  eprint    = {2011.02260},
  timestamp = {Fri, 13 Aug 2021 14:56:28 +0200},
  biburl    = {https://dblp.org/rec/journals/corr/abs-2011-02260.bib},
  bibsource = {dblp computer science bibliography, https://dblp.org}
}

@misc{graphsage,
  doi = {10.48550/ARXIV.1706.02216},
  
  url = {https://arxiv.org/abs/1706.02216},
  
  author = {Hamilton, William L. and Ying, Rex and Leskovec, Jure},
  
  keywords = {Social and Information Networks (cs.SI), Machine Learning (cs.LG), Machine Learning (stat.ML), FOS: Computer and information sciences, FOS: Computer and information sciences},
  
  title = {Inductive Representation Learning on Large Graphs},
  
  publisher = {arXiv},
  
  year = {2017},
  
  copyright = {arXiv.org perpetual, non-exclusive license}
}

 @misc{movielens, title={Movielens}, url={https://grouplens.org/datasets/movielens/}, journal={GroupLens}, year={2021}, month={Dec}} 

  @article{cf, title={Using collaborative filtering to weave an information tapestry}, volume={35}, DOI={10.1145/138859.138867}, number={12}, journal={Communications of the ACM}, author={Goldberg, David and Nichols, David and Oki, Brian M. and Terry, Douglas}, year={1992}, pages={61–70}} 

  @ARTICLE{mf,  author={Koren, Yehuda and Bell, Robert and Volinsky, Chris},  journal={Computer},   title={Matrix Factorization Techniques for Recommender Systems},   year={2009},  volume={42},  number={8},  pages={30-37},  doi={10.1109/MC.2009.263}}

  @INPROCEEDINGS{fm,  author={Rendle, Steffen},  booktitle={2010 IEEE International Conference on Data Mining},   title={Factorization Machines},   year={2010},  volume={},  number={},  pages={995-1000},  doi={10.1109/ICDM.2010.127}}

@misc{wideanddeep,
  doi = {10.48550/ARXIV.1606.07792},
  
  url = {https://arxiv.org/abs/1606.07792},
  
  author = {Cheng, Heng-Tze and Koc, Levent and Harmsen, Jeremiah and Shaked, Tal and Chandra, Tushar and Aradhye, Hrishi and Anderson, Glen and Corrado, Greg and Chai, Wei and Ispir, Mustafa and Anil, Rohan and Haque, Zakaria and Hong, Lichan and Jain, Vihan and Liu, Xiaobing and Shah, Hemal},
  
  keywords = {Machine Learning (cs.LG), Information Retrieval (cs.IR), Machine Learning (stat.ML), FOS: Computer and information sciences, FOS: Computer and information sciences},
  
  title = {Wide &amp; Deep Learning for Recommender Systems},
  
  publisher = {arXiv},
  
  year = {2016},
  
  copyright = {arXiv.org perpetual, non-exclusive license}
}

@misc{ggnn,
  doi = {10.48550/ARXIV.1511.05493},
  
  url = {https://arxiv.org/abs/1511.05493},
  
  author = {Li, Yujia and Tarlow, Daniel and Brockschmidt, Marc and Zemel, Richard},
  
  keywords = {Machine Learning (cs.LG), Artificial Intelligence (cs.AI), Neural and Evolutionary Computing (cs.NE), Machine Learning (stat.ML), FOS: Computer and information sciences, FOS: Computer and information sciences},
  
  title = {Gated Graph Sequence Neural Networks},
  
  publisher = {arXiv},
  
  year = {2015},
  
  copyright = {arXiv.org perpetual, non-exclusive license}
}

@misc{gat,
  doi = {10.48550/ARXIV.1710.10903},
  
  url = {https://arxiv.org/abs/1710.10903},
  
  author = {Veličković, Petar and Cucurull, Guillem and Casanova, Arantxa and Romero, Adriana and Liò, Pietro and Bengio, Yoshua},
  
  keywords = {Machine Learning (stat.ML), Artificial Intelligence (cs.AI), Machine Learning (cs.LG), Social and Information Networks (cs.SI), FOS: Computer and information sciences, FOS: Computer and information sciences},
  
  title = {Graph Attention Networks},
  
  publisher = {arXiv},
  
  year = {2017},
  
  copyright = {arXiv.org perpetual, non-exclusive license}
}

@misc{lightgcn,
  doi = {10.48550/ARXIV.2002.02126},
  
  url = {https://arxiv.org/abs/2002.02126},
  
  author = {He, Xiangnan and Deng, Kuan and Wang, Xiang and Li, Yan and Zhang, Yongdong and Wang, Meng},
  
  keywords = {Information Retrieval (cs.IR), Machine Learning (cs.LG), FOS: Computer and information sciences, FOS: Computer and information sciences},
  
  title = {LightGCN: Simplifying and Powering Graph Convolution Network for Recommendation},
  
  publisher = {arXiv},
  
  year = {2020},
  
  copyright = {arXiv.org perpetual, non-exclusive license}
}

@inproceedings{ngcf,
	doi = {10.1145/3331184.3331267},
  
	url = {https://doi.org/10.1145%2F3331184.3331267},
  
	year = 2019,
	month = {jul},
  
	publisher = {{ACM}
},
  
	author = {Xiang Wang and Xiangnan He and Meng Wang and Fuli Feng and Tat-Seng Chua},
  
	title = {Neural Graph Collaborative Filtering},
  
	booktitle = {Proceedings of the 42nd International {ACM} {SIGIR} Conference on Research and Development in Information Retrieval}
}

@misc{adam,
  doi = {10.48550/ARXIV.1412.6980},
  
  url = {https://arxiv.org/abs/1412.6980},
  
  author = {Kingma, Diederik P. and Ba, Jimmy},
  
  keywords = {Machine Learning (cs.LG), FOS: Computer and information sciences, FOS: Computer and information sciences},
  
  title = {Adam: A Method for Stochastic Optimization},
  
  publisher = {arXiv},
  
  year = {2014},
  
  copyright = {arXiv.org perpetual, non-exclusive license}
}
 
@misc{metrics,
  title = {Information Retrieval Evaluation},
  howpublished = {\url{http://web.stanford.edu/class/cs276/handouts/EvaluationNew-handout-6-per.pdf}},
  note = {Accessed: 2022-11-29}
}

@misc{survey,
  doi = {10.48550/ARXIV.2011.02260},
  
  url = {https://arxiv.org/abs/2011.02260},
  
  author = {Wu, Shiwen and Sun, Fei and Zhang, Wentao and Xie, Xu and Cui, Bin},
  
  keywords = {Information Retrieval (cs.IR), Machine Learning (cs.LG), FOS: Computer and information sciences, FOS: Computer and information sciences},
  
  title = {Graph Neural Networks in Recommender Systems: A Survey},
  
  publisher = {arXiv},
  
  year = {2020},
  
  copyright = {Creative Commons Attribution Non Commercial Share Alike 4.0 International}
}

@misc{gcn,
  doi = {10.48550/ARXIV.1609.02907},
  
  url = {https://arxiv.org/abs/1609.02907},
  
  author = {Kipf, Thomas N. and Welling, Max},
  
  keywords = {Machine Learning (cs.LG), Machine Learning (stat.ML), FOS: Computer and information sciences, FOS: Computer and information sciences},
  
  title = {Semi-Supervised Classification with Graph Convolutional Networks},
  
  publisher = {arXiv},
  
  year = {2016},
  
  copyright = {arXiv.org perpetual, non-exclusive license}
}

@misc{gat,
  doi = {10.48550/ARXIV.1710.10903},
  
  url = {https://arxiv.org/abs/1710.10903},
  
  author = {Veličković, Petar and Cucurull, Guillem and Casanova, Arantxa and Romero, Adriana and Liò, Pietro and Bengio, Yoshua},
  
  keywords = {Machine Learning (stat.ML), Artificial Intelligence (cs.AI), Machine Learning (cs.LG), Social and Information Networks (cs.SI), FOS: Computer and information sciences, FOS: Computer and information sciences},
  
  title = {Graph Attention Networks},
  
  publisher = {arXiv},
  
  year = {2017},
  
  copyright = {arXiv.org perpetual, non-exclusive license}
}

@misc{learning_to_rank,
   author = "Wikipedia",
   title = "{Learning to rank} --- {W}ikipedia{,} The Free Encyclopedia",
   year = "2022",
   howpublished = {\url{http://en.wikipedia.org/w/index.php?title=Learning\%20to\%20rank&oldid=1124870156}},
   note = "[Online; accessed 09-December-2022]"
 }

@article{transformer,
  title={Attention is all you need},
  author={Vaswani, Ashish and Shazeer, Noam and Parmar, Niki and Uszkoreit, Jakob and Jones, Llion and Gomez, Aidan N and Kaiser, {\L}ukasz and Polosukhin, Illia},
  journal={Advances in neural information processing systems},
  volume={30},
  year={2017}
}